<?xml version="1.0" encoding="UTF-8"?><record xmlns="http://www.loc.gov/MARC21/slim" xmlns:cinclude="http://apache.org/cocoon/include/1.0" xmlns:zs="http://www.loc.gov/zing/srw/">
  <leader>00567nz  a2200145n  4500</leader>
  <controlfield tag="001">n  92011475 </controlfield>
  <controlfield tag="003">DLC</controlfield>
  <controlfield tag="005">19920203110510.9</controlfield>
  <controlfield tag="008">920203n| acannaab|          |a aaa |||  </controlfield>
  <datafield tag="010" ind1=" " ind2=" ">
    <subfield code="a">n  92011475 </subfield>
  </datafield>
  <datafield tag="040" ind1=" " ind2=" ">
    <subfield code="a">DLC</subfield>
    <subfield code="c">DLC</subfield>
  </datafield>
  <datafield tag="100" ind1="1" ind2="0">
    <subfield code="a">Stöhr, Johannes A.</subfield>
  </datafield>
  <datafield tag="400" ind1="1" ind2="0">
    <subfield code="a">Stöhr, J.</subfield>
    <subfield code="q">(Johannes)</subfield>
  </datafield>
  <datafield tag="670" ind1=" " ind2=" ">
    <subfield code="a">Internationales Theologisches Symposion (1987 : Universität Bamberg). Die Familie, c1988:</subfield>
    <subfield code="b">t.p. (J. Stöhr) t.p. verso, etc. (Johannes Stöhr; Bamberg)</subfield>
  </datafield>
  <datafield tag="670" ind1=" " ind2=" ">
    <subfield code="a">LC data base, 02-03-92</subfield>
    <subfield code="b">(hdg.: Stöhr, Johannes A.; usage: Johannes Stöhr, Johannes A. Stöhr)</subfield>
  </datafield>
</record>